% This file was created with JabRef 2.9.2.
% Encoding: utf8

@BOOK{node_js,
  title = {Изучаем Node.js},
  publisher = {O’Reilly Media, Inc},
  year = {2012},
  author = {Шелли Пауэрс},
  pages = {400},
  edition = {2-th},
  month = {June},
  owner = {oreilly},
  timestamp = {2013.03.21}
}

@BOOK{mvc,
  title = {ASP.NET MVC 5 с примерами на C# 5.0 для профессионалов},
  publisher = {Вильямс},
  year = {2015},
  author = {Адам Фримен},
  pages = {736},
  edition = {5-th},
  month = {June},
  owner = {mstyura},
  timestamp = {2015.02.21}
}

@MISC{redux,
  author = {Dan Abramov},
  title = {Redux official documentation [Электронный ресурс]},
  howpublished = {Электронные данные},
  note = {Режим доступа: http://redux.js.org/index.html},
  address = {Iselin, NJ 08830 USA},
  language = {english},
  owner = {mstyura},
  timestamp = {2014.03.21}
}

@MISC{framework,
  title = {Фреймворк [Электронный ресурс]},
  howpublished = {Электронные данные},
  note = {Режим доступа: \url{https://ru.wikipedia.org/wiki/%D0%A4%D1%80%D0%B5%D0%B9%D0%BC%D0%B2%D0%BE%D1%80%D0%BA}. --- Дата
  доступа: 22.03.2013},
  owner = {mstyura},
  timestamp = {2013.03.22}
}

@MISC{redux_framework,
  author = {Dan Abramov},
  title = {Getting Started with Redux [Электронный ресурс]},
  howpublished = {Электронные данные},
  note = {Режим доступа: https://egghead.io/series/getting-started-with-redux},
  address = {Iselin, NJ 08830 USA},
  language = {english},
  owner = {mstyura},
  timestamp = {2014.03.21}
}

@BOOK{V8,
  title = {Node.js in Action},
  publisher = {Вильямс},
  year = {2013},
  author = {Mike Cantelon},
  pages = {452},
  edition = {3-th},
  month = {June},
  owner = {mstyura},
  timestamp = {2015.02.21}
}

@BOOK{apache,
  title = {Apache: The Definitive Guide},
  publisher = {O’Reilly Media, Inc},
  year = {2012},
  author = {Ben Laurie, Peter Laurie},
  pages = {400},
  edition = {3-th},
  month = {December},
  owner = {oreilly},
  timestamp = {2012.12.21}}

@BOOK{js,
  title = {JavaScript. Подробное руководство},
  publisher = {O’Reilly Media, Inc},
  year = {2008},
  author = {Дэвид Флэнаган},
  pages = {992},
  edition = {5-th},
  month = {December},
  owner = {oreilly},
  timestamp = {2012.12.21}
}

@BOOK{nosql,
  title = {NoSQL Distilled},
  year = {2013},
  author = {Martin Fowler},
  pages = {458},
  address = {University of Cambridge},
  month = {December},
  language = {english},
  owner = {mstyura},
  timestamp = {2013.03.22}
}

@BOOK{react_js,
  title = {Developing a React Edge},
  publisher = {O’Reilly Media, Inc},
  year = {2013},
  author = {Frankie Bagnardi, Jonathan Beebe},
  pages = {202},
  edition = {1-th},
  month = {June},
  owner = {oreilly},
  timestamp = {2013.03.21}
}

@MISC{cordova,
  author = {The Apache Software Foundation},
  title = {Introduction Cordova [Электронный ресурс]},
  howpublished = {Электронные данные},
  note = {Режим доступа: https://cordova.apache.org/docs/en/latest/},
  address = {Iselin, NJ 08830 USA},
  language = {english},
  owner = {mstyura},
  timestamp = {2014.03.21}
}

@MISC{webstorm,
  title = {WebStorm [Электронный ресурс]},
  howpublished = {Электронные данные},
  note = {Режим доступа: \url{https://ru.wikipedia.org/wiki/WebStorm}. --- Дата
  доступа: 09.04.2014},
  owner = {mstyura},
  timestamp = {2014.04.09}
}

@ARTICLE{mongodb,
  title = {MongoDB: The Definitive Guide},
  publisher = {O’Reilly Media, Inc},
  year = {2013},
  author = {Frankie Bagnardi, Jonathan Beebe},
  pages = {432},
  edition = {3-th},
  month = {June},
  owner = {oreilly},
  timestamp = {2013.03.21}
}

@INPROCEEDINGS{Rebane87,
  author = {George Rebane and Judea Pearl},
  title = {The Recovery of Causal Poly-Trees From Statistical Data},
  booktitle = {Uncertainty in Artificial Intelligence 3 Annual Conference on Uncertainty
	in Artificial Intelligence (UAI-87)},
  year = {1987},
  pages = {175--182},
  address = {Amsterdam, NL},
  publisher = {Elsevier Science}
}

@ELECTRONIC{fsdg_2010,
  author = {Microsoft Research and Microsoft Developer Division},
  month = {April},
  year = {2010},
  title = {Draft F\# Component Design Guidelines},
  language = {english},
  organization = {Microsoft},
  owner = {mstyura},
  timestamp = {2013.03.21}
}

@BOOK{richter_2012_en,
  title = {CLR via C\#},
  publisher = {Microsoft Press},
  year = {2012},
  author = {Jeffrey Richter},
  pages = {896},
  series = {Microsoft, Developer Reference},
  address = {One Microsoft Way, Redmond, Washington 98052-6399},
  edition = {4-th},
  isbn = {0735667454,9780735667457},
  owner = {mstyura},
  timestamp = {2013.03.20}
}

@INCOLLECTION{robinson_1977,
  author = {Robinson, R. W.},
  title = {{Counting unlabeled acyclic digraphs}},
  booktitle = {Combinatorial Mathematics V},
  publisher = {Springer Berlin Heidelberg},
  year = {1977},
  editor = {Little, CharlesH},
  volume = {622},
  series = {Lecture Notes in Mathematics},
  chapter = {2},
  pages = {28--43},
  abstract = {{The previously known ways to count acyclic digraphs, both labeled
	and unlabeled, are reviewed. Then a new method of enumerating unlabeled
	acyclic digraphs is developed. It involves computing the sum of the
	cyclic indices of the automorphism groups of the acyclic digraphs,
	achieving a considerable gain in efficiency through an application
	of the inclusion-exclusion principle. Numerical results are reported
	on, and a table of the numbers of unlabeled acyclic digraphs on up
	to 18 points is included.}},
  citeulike-article-id = {8426666},
  citeulike-linkout-0 = {http://dx.doi.org/10.1007/bfb0069178},
  citeulike-linkout-1 = {http://www.springerlink.com/content/1716582847315l87},
  citeulike-linkout-2 = {http://link.springer.com/chapter/10.1007/BFb0069178},
  doi = {10.1007/bfb0069178},
  isbn = {978-3-540-08524-9},
  keywords = {digraphs, directed-graphs, enumeration, graph-theory, work},
  posted-at = {2010-12-15 08:45:31},
  url = {http://dx.doi.org/10.1007/bfb0069178}
}

@INPROCEEDINGS{Spohn94onthe,
  author = {Wolfgang Spohn and Abteilung Philosophie and D Bielefeld},
  title = {On the Properties of Conditional Independence},
  booktitle = {Suppes: Scientific philosopher},
  year = {1994},
  pages = {173--194},
  publisher = {Kluwer}
}

@INPROCEEDINGS{Suzuki93,
  author = {Joe Suzuki },
  title = {A Construction of Bayesian Networks from Databases Based on an MDL
	Principle},
  booktitle = {Proceedings of the Ninth Conference Annual Conference on Uncertainty
	in Artificial Intelligence (UAI-93)},
  year = {1993},
  pages = {266--273},
  address = {San Francisco, CA},
  publisher = {Morgan Kaufmann}
}

@BOOK{sicp_2006_ru,
  title = {Структура и интерпретация компьютерных программ},
  publisher = {Добросвет},
  year = {2006},
  author = {Харольд Абельсон and Джеральд Джей Сассман and Джули Сассман},
  pages = {608},
  language = {russian},
  owner = {mstyura},
  timestamp = {2013.03.20}
}

@BOOK{volosevich_cs_2011,
  title = {Язык C\# и основы платформы .NET: Учебно"=метод. пособие по курсу
	<<Избранные главы информатики>> для студ. спец. \mbox{I-31~03~04}
	<<Информатика>> всех форм обуч.},
  year = {2006},
  author = {А. А. Волосевич},
  pages = {60},
  address = {Минск},
  language = {russian},
  owner = {mstyura},
  timestamp = {2013.03.21}
}

@BOOK{guk_1999,
  title = {Процессоры Pentium II, Pentium Pro и просто Pentium},
  publisher = {Питер Ком},
  year = {1999},
  author = {М. Гук},
  pages = {288},
  language = {russian},
  owner = {mstyura},
  timestamp = {2013.02.20}
}

@ARTICLE{pfp_funelem_issue3_2009,
  author = {Е. Кирпичёв},
  title = {Элементы функциональных языков},
  journal = {Практика функционального программирования},
  year = {2009},
  pages = {196},
  number = {3},
  month = {Декабрь},
  language = {russian},
  owner = {mstyura},
  timestamp = {2013.03.22}
}

@BOOK{kluev_1989,
  title = {Технические средства диагностирования : справочник},
  publisher = {Машиностроение},
  year = {1989},
  author = {В.В. Клюев1 and В.В. Клюев2 and В.В. Клюев3 and В.В. Клюев4 and В.В.
	Клюев5},
  pages = {672},
  address = {М.},
  language = {russian},
  owner = {mstyura},
  timestamp = {2013.02.20}
}

@BOOK{kulezin_2004,
  title = {Современные семейства ПЛИС фирмы Xilinx : справ. пособие},
  publisher = {Горячая линия–Телеком},
  year = {2004},
  author = {М. О. Кузелин and Д. А. Кнышев and В. Ю. Зотов},
  pages = {440},
  address = {М.},
  language = {russian},
  owner = {mstyura},
  timestamp = {2013.02.20}
}

@ARTICLE{fsharp_pfp_issue_5,
  author = {Е. Лазин and М. Моисеев and Д. Сорокин},
  title = {Введение в F\#},
  journal = {Практика функционального программирования},
  year = {2010},
  pages = {149},
  number = {5},
  language = {russian},
  owner = {mstyura},
  timestamp = {2013.03.21}
}

@BOOK{mcconnell_2005,
  title = {Совершенный код. Мастер"=класс / Пер. с англ.},
  publisher = {Издательско"=торговый дом <<Русская редакция>>},
  year = {2005},
  author = {С. Макконнелл},
  pages = {896},
  address = {СПб.},
  language = {russian},
  owner = {mstyura},
  timestamp = {2013.03.18}
}

@BOOK{marchenko_2007,
  title = {Основы программирования на C\# 2.0},
  publisher = {БИНОМ. Лаборатория знаний, Интернет"=университет информационных технологий
	"--- ИНТУИТ.ру},
  year = {2007},
  author = {А. Л. Марченко},
  pages = {552},
  language = {russian},
  owner = {mstyura},
  timestamp = {2013.03.20}
}

@BOOK{michailov_2011,
  title = {Пожарная безопасность в офисе},
  publisher = {Альфа-Пресс},
  year = {2011},
  author = {Ю. М. Михайлов},
  language = {russian},
  owner = {mstyura},
  timestamp = {2013.02.26}
}

@BOOK{michnuk_2009,
  title = {Охрана труда : учебник [утв. МО РБ]},
  publisher = {ИВЦ Минфина},
  year = {2009},
  author = {Т. Ф. Михнюк},
  pages = {345},
  address = {Минск},
  language = {russian},
  owner = {mstyura},
  timestamp = {2013.02.26}
}

@BOOK{yashin_2009,
  title = {Охрана труда, экологическая безопасность, энергосбережение : метод.
	пособие по выполнению дипломных проектов (работ)},
  publisher = {БГУИР},
  year = {2009},
  editor = {Т. Ф. Михнюка},
  author = {Т. Ф. Михнюк AND И. С. Асаенок AND И. И. Кирвель AND А. И. Навоша
	AND К. Д. Яшин},
  pages = {36},
  address = {Минск},
  language = {russian},
  owner = {mstyura},
  timestamp = {2013.02.26}
}

@BOOK{Morozov_2011,
  title = {Подготовка документов в издательской системе Латех},
  publisher = {ЯрГУ им. П.Г. Демидова},
  year = {2011},
  author = {Д.К. Морозов and А.Я. Пархоменко},
  language = {russian},
  owner = {mstyura},
  timestamp = {2013.02.20}
}

@BOOK{palicyn_2006,
  title = {Технико-экономическое обоснование дипломных проектов: Метод. пособие
	для студ. всех спец. БГУИР. В 4-х ч. Ч. 4: Проекты программного обеспечения},
  publisher = {БГУИР},
  year = {2006},
  author = {В. А. Палицын},
  pages = {76},
  address = {Минск},
  language = {russian},
  owner = {mstyura},
  timestamp = {2013.03.03}
}

@BOOK{richter_2012_ru,
  title = {CLR via С\#. Программирование на платформе Microsoft .NET Framework
	4.0 на языке С\#. 3-е изд.},
  publisher = {Питер},
  year = {2012},
  author = {Дж. Рихтер},
  pages = {928},
  address = {СПб.},
  language = {russian},
  owner = {mstyura},
  timestamp = {2013.03.20}
}

@BOOK{richter_2007_ru,
  title = {CLR via C\#. Программирование на платформе Microsoft .NET Framework
	2.0 на языке C\#},
  publisher = {Питер, Русская Редакция},
  year = {2007},
  author = {Джеффри Рихтер},
  pages = {656},
  address = {СПб.},
  edition = {2-е},
  language = {russian},
  owner = {mstyura},
  timestamp = {2013.03.20}
}

@BOOK{sinilov_2010,
  title = {Системы охранной, пожарной и охранно-пожарной сигнализации : учебник
	для нач. проф. образования},
  publisher = {Издательский центр <<Академия>>},
  year = {2010},
  author = {В. Г. Синилов},
  pages = {512},
  address = {М.},
  edition = {5-е},
  language = {russian},
  owner = {mstyura},
  timestamp = {2013.03.15}
}

@ARTICLE{terentyev_2006,
  author = {А. Н. Терентьев and П. И. Бидюк},
  title = {Эвристический метод построения байесовых сетей},
  journal = {Математические машины и системы},
  year = {2006},
  number = {3},
  language = {russian},
  owner = {mstyura},
  timestamp = {2013.05.07}
}

@CONFERENCE{terehov_2003,
  author = {С. А. Терехов},
  title = {Введение в байесовы сети},
  booktitle = {Научная cессия МИФИ--2003. V Всероссийская научно-техническая Конференция
	<<Нейроинформатика--2003>>: Лекции по нейроинформатике. Часть~1.},
  year = {2003},
  pages = {188},
  address = {М.},
  publisher = {МИФИ},
  language = {russian},
  owner = {mstyura},
  timestamp = {2013.03.30}
}

@BOOK{sharovar_1979,
  title = {Устройства и системы пожарной сигнализации},
  publisher = {Стройиздат},
  year = {1979},
  author = {Ф. И. Шаровар},
  pages = {271},
  address = {М.},
  language = {russian},
  owner = {mstyura},
  timestamp = {2013.03.14}
}

@BOOK{microproc_1988,
  title = {Микропроцессоры и микропроцессорные комплекты интегральных микросхем.
	В 2 т.},
  publisher = {Радио и связь},
  year = {1988.},
  editor = {В. А. Шахнова},
  volume = {1},
  pages = {368},
  address = {М.},
  language = {russian},
  owner = {mstyura},
  timestamp = {2013.02.20}
}

@MISC{belcalendar_2013,
  title = {Календарь праздников на 2013 год для Беларуси [Электронный ресурс]},
  howpublished = {Электронные данные},
  note = {Режим доступа: \url{http://calendar.by/2013/\#bkm}. --- Дата доступа:
	05.03.2013},
  language = {russian},
  owner = {mstyura},
  timestamp = {2013.03.05}
}

@MISC{cite_webpage,
  title = {How can I use BibTeX to cite a web page? [Электронный ресурс]},
  howpublished = {Электронные данные},
  note = {Режим доступа: http://tex.stackexchange.com/questions/3587/how-can-i-use-bibtex-to-cite-a-web-page},
  language = {english},
  owner = {mstyura},
  timestamp = {2013.02.20}
}

@MISC{csharp_wiki_2013_ru,
  title = {C Sharp [Электронный ресурс]},
  howpublished = {Электронные данные},
  note = {Режим доступа: \url{http://ru.wikipedia.org/wiki/C\_Sharp}. --- Дата
	доступа: 22.03.2013},
  owner = {mstyura},
  timestamp = {2013.03.22}
}

@STANDARD{ecma_335,
  title = {Common Language Infrastructure (CLI). Partitions I to VI.},
  organization = {ECMA International},
  language = {english},
  month = {June},
  year = {2012},
  url = {http://www.ecma-international.org/publications/standards/Ecma-335.htm},
  edition = {6-th},
  owner = {mstyura},
  timestamp = {2013.03.19}
}